<record><leader>00000cas a22000007a 4500</leader><controlfield tag="001">28988534</controlfield><controlfield tag="008">931012d1901190utxuwr ne      0    0eng d</controlfield><datafield ind1=" " ind2=" " tag="010"><subfield code="a">sn 93068252 </subfield></datafield><datafield ind1=" " ind2=" " tag="040"><subfield code="a">PPM</subfield><subfield code="b">eng</subfield><subfield code="c">PPM</subfield><subfield code="d">OCLCQ</subfield></datafield><datafield ind1=" " ind2=" " tag="042"><subfield code="a">msc</subfield></datafield><datafield ind1="0" ind2="0" tag="245"><subfield code="a">Midlothian argus-news.</subfield></datafield><datafield ind1=" " ind2=" " tag="260"><subfield code="a">Midlothian, Ellis County, Tex. :</subfield><subfield code="b">Cornell and Brown</subfield></datafield><datafield ind1=" " ind2=" " tag="300"><subfield code="a">v.</subfield></datafield><datafield ind1=" " ind2=" " tag="310"><subfield code="a">Weekly</subfield></datafield><datafield ind1="1" ind2=" " tag="362"><subfield code="a">Began Aug. 3, 1901.</subfield></datafield><datafield ind1=" " ind2=" " tag="515"><subfield code="a">Formed by the union of the Weekly argus and the Midlothian news.</subfield></datafield><datafield ind1=" " ind2=" " tag="588"><subfield code="a">Description based on : vol. 10, no. 19 (Apr. 5, 1902).</subfield></datafield><datafield ind1=" " ind2=" " tag="752"><subfield code="a">United States</subfield><subfield code="b">Texas</subfield><subfield code="c">Ellis</subfield><subfield code="d">Midlothian.</subfield></datafield><datafield ind1="1" ind2="4" tag="780"><subfield code="t">Weekly argus</subfield></datafield><datafield ind1="1" ind2="4" tag="780"><subfield code="t">Midlothian news</subfield></datafield><datafield ind1="0" ind2="0" tag="785"><subfield code="t">Midlothian argus</subfield><subfield code="w">(DLC)sn 87090975</subfield></datafield></record>